@online{Recos,
    author = {ETSIINF},
    title = {Recomendaciones sobre el contenido de la Memoria Final},
    year = {2017},
    url = {http://www.fi.upm.es/docs/estudios/muii/1957_Guia_elaboracion_TFMUII.pdf},
    urldate = {2018-03-20}
}
